@inproceedings{FaceSpoofingAttacksStudy,
author = {Kumar, Sandeep and Singh, Sukhwinder and Kumar, Jagdish},
year = {2017},
month = {05},
pages = {},
title = {A Comparative Study on Face Spoofing Attacks},
doi = {10.1109/CCAA.2017.8229961}
}

@incollection{AlexNet,
title = {ImageNet Classification with Deep Convolutional Neural Networks},
author = {Alex Krizhevsky and Sutskever, Ilya and Hinton, Geoffrey E},
booktitle = {Advances in Neural Information Processing Systems 25},
editor = {F. Pereira and C. J. C. Burges and L. Bottou and K. Q. Weinberger},
pages = {1097--1105},
year = {2012},
publisher = {Curran Associates, Inc.},
url = {http://papers.nips.cc/paper/4824-imagenet-classification-with-deep-convolutional-neural-networks.pdf}
}
@inproceedings{NUAADataset,
  title={Face Liveness Detection from a Single Image with Sparse Low Rank Bilinear Discriminative Model},
  author={Xiaoyang Tan and Yi Li and Jun Liu and Lin Jiang},
  booktitle={ECCV},
  year={2010}
}
@misc{VideoQualityOriginal, title={aizvorski/video-quality}, url={https://github.com/aizvorski/video-quality}, journal={GitHub}, author={Aizvorski}, year={2015}, month={Mar}}
@misc{VideoQualityUpdated, title={OhmGeek/video-quality}, url={https://github.com/OhmGeek/video-quality}, journal={GitHub}, author={OhmGeek}, year={2018}, month={Dec}}
@article{DeepNeuralNetworkDeployability,
  title={An analysis of deep neural network models for practical applications},
  author={Canziani, Alfredo and Paszke, Adam and Culurciello, Eugenio},
  journal={arXiv preprint arXiv:1605.07678},
  year={2016}
}

@inproceedings{GoogLeNet,
title	= {Going Deeper with Convolutions},
author	= {Christian Szegedy and Wei Liu and Yangqing Jia and Pierre Sermanet and Scott Reed and Dragomir Anguelov and Dumitru Erhan and Vincent Vanhoucke and Andrew Rabinovich},
year	= {2015},
month={},
URL	= {http://arxiv.org/abs/1409.4842},
booktitle	= {Computer Vision and Pattern Recognition (CVPR)}
}


@incollection{SGDBetterThanAdamForImageClassification,
title = {The Marginal Value of Adaptive Gradient Methods in Machine Learning},
author = {Wilson, Ashia C and Roelofs, Rebecca and Stern, Mitchell and Srebro, Nati and Recht, Benjamin},
booktitle = {Advances in Neural Information Processing Systems 30},
editor = {I. Guyon and U. V. Luxburg and S. Bengio and H. Wallach and R. Fergus and S. Vishwanathan and R. Garnett},
pages = {4148--4158},
year = {2017},
publisher = {Curran Associates, Inc.},
url = {http://papers.nips.cc/paper/7003-the-marginal-value-of-adaptive-gradient-methods-in-machine-learning.pdf}
}

@inproceedings{SFMClassifier,
  title={Multimodal person recognition using unconstrained audio and video},
  author={Choudhury, Tanzeem and Clarkson, Brian and Jebara, Tony and Pentland, Alex},
  booktitle={Proceedings, International Conference on Audio-and Video-Based Person Authentication},
  pages={176--181},
  year={1999},
  month={March},
  organization={Citeseer}
}

@inproceedings{Patel2016CrossDatabaseFA,
  title={Cross-Database Face Antispoofing with Robust Feature Representation},
  author={Keyurkumar Patel and Hu Han and Anil K. Jain},
  booktitle={CCBR},
  month={October},
  year={2016}
}

@ARTICLE{ImageQualityAssessmentTest, 
    author={J. Galbally and S. Marcel and J. Fierrez}, 
    journal={IEEE Transactions on Image Processing}, 
    title={Image Quality Assessment for Fake Biometric Detection: Application to Iris, Fingerprint, and Face Recognition}, 
    year={2014}, 
    volume={23}, 
    number={2}, 
    pages={710-724}, 
    keywords={face recognition;feature extraction;fingerprint identification;iris recognition;image quality assessment;fake biometric detection;iris recognition;fingerprint recognition;face recognition;biometric authentication;protection measures;software based fake detection method;fraudulent access attempts;biometric recognition framework;liveness assessment;feature extraction;Image quality;Feature extraction;Biomedical imaging;Iris recognition;Security;Face;Image quality assessment;biometrics;security;attacks;countermeasures;Algorithms;Biometric Identification;Dermatoglyphics;Face;Facial Recognition;Fingers;Fraud;Humans;Image Interpretation, Computer-Assisted;Iris;Pattern Recognition, Automated;Reproducibility of Results;Sensitivity and Specificity}, 
    doi={10.1109/TIP.2013.2292332}, 
    ISSN={1057-7149}, 
    month={Feb},
}

@article{DeepResidualNetworks,
  title={Deep Residual Learning for Image Recognition},
  author={Kaiming He and Xiangyu Zhang and Shaoqing Ren and Jian Sun},
  journal={2016 IEEE Conference on Computer Vision and Pattern Recognition (CVPR)},
  year={2016},
  month={June},
  pages={770-778}
}

@article{3DReconstructionMethod,
  title={Large Pose 3D Face Reconstruction from a Single Image via Direct Volumetric CNN Regression},
  author={Jackson, Aaron S and Bulat, Adrian and Argyriou, Vasileios and Tzimiropoulos, Georgios},
  journal={International Conference on Computer Vision},
  year={2017},
  month={September}
}

@INPROCEEDINGS{VoxNetModel, 
    author={D. Maturana and S. Scherer}, 
    booktitle={2015 IEEE/RSJ International Conference on Intelligent Robots and Systems (IROS)}, 
    title={VoxNet: A 3D Convolutional Neural Network for real-time object recognition}, 
    year={2015}, 
    volume={}, 
    number={}, 
    pages={922-928}, 
    keywords={image representation;neurocontrollers;object recognition;real-time systems;robot vision;VoxNet;3D convolutional neural network;real-time object recognition;robust object recognition;robots;range sensors;point cloud data;volumetric occupancy grid representation;Three-dimensional displays;Object recognition;Laser radar;Sensors;Neural networks;Feature extraction;Robots}, 
    doi={10.1109/IROS.2015.7353481}, 
    ISSN={}, 
    month={Sep.},
}

@INPROCEEDINGS{ReplayAttackDataset,
         author = {Chingovska, Ivana and Anjos, Andr{\'{e}} and Marcel, S{\'{e}}bastien},
       keywords = {biometric, Counter-Measures, Local Binary Patterns, Spoofing Attacks},
          month = {september},
          title = {On the Effectiveness of Local Binary Patterns in Face Anti-spoofing},
        journal = {IEEE BIOSIG 2012},
           year = {2012},
}
@INPROCEEDINGS{3DMadDataset,
    author = {Erdogmus, Nesli and Marcel, Sébastien},
    keywords = {biometric, Counter-Measures, Spoofing Attacks},
    month = {september},
    title = {Spoofing in 2D Face Recognition with 3D Masks and Anti-spoofing with Kinect},
    journal = {Biometrics: Theory, Applications and Systems},
    year = {2013},
}

@misc{Keras,
author = {François Chollet },
title = {keras},
year = {2015},
month = {June},
publisher = {GitHub},
journal = {GitHub repository},
howpublished = {\url{https://github.com/keras-team/keras}},
month={}
}

@misc{VRNTorchToKeras,
author = {Paul Lorenz},
title = {VRN Torch to Keras},
year = {2018},
month = {October},
publisher = {GitHub},
journal = {GitHub repository},
howpublished = {\url{https://github.com/dezmoanded/vrn-torch-to-keras}},
month={}
}

Used as a basis for our implementation of a residual network. Both resNet and resNeXT.
Not used since we now use the Keras pretrained version on ImageNet
misc{BasisForResidualNetwork,
author = {Michael Dietz},
title = {Clean and simple Keras implementation of residual networks (ResNeXt and ResNet)},
year = {2018},
publisher = {GitHub},
journal = {GitHub gist},
howpublished = {\url{https://gist.github.com/mjdietzx/0cb95922aac14d446a6530f87b3a04ce}},
month={}
}

@INPROCEEDINGS{LivenessTestBlinking, 
author={A. Asaduzzaman and A. Mummidi and M. F. Mridha and F. N. Sibai}, 
booktitle={2015 International Conference on Advances in Electrical Engineering (ICAEE)}, 
title={Improving facial recognition accuracy by applying liveness monitoring technique}, 
year={2015}, 
volume={}, 
number={}, 
pages={133-136}, 
keywords={cameras;computer network security;face recognition;Internet;stereo image processing;transport protocols;ultrasonic transducers;video signal processing;facial recognition accuracy;liveness monitoring technique;transmission control protocol;Internet protocol;TCP-IP suite;photograph;video clip;3D model spoofing;facial features;biometric systems;Web-camera;eye blinking password system;ultrasonic range sensing module;liveness detection;Face recognition;Cameras;Monitoring;Face;Lighting;Three-dimensional displays;Authentication;Eye blinking password;facial recognition;liveliness monitoring;security in biometric systems;video spoofing}, 
doi={10.1109/ICAEE.2015.7506814}, 
ISSN={}, 
month={Dec},}

@inproceedings{LivenessTestFaceFlashing,
  author    = {Di Tang and
               Zhe Zhou and
               Yinqian Zhang and
               Kehuan Zhang},
  title     = {Face Flashing: a Secure Liveness Detection Protocol based on Light
               Reflections},
  booktitle = {25th Annual Network and Distributed System Security Symposium, {NDSS}
               2018, San Diego, California, USA, February 18-21, 2018},
  year      = {2018},
  month={August},
  url       = {http://wp.internetsociety.org/ndss/wp-content/uploads/sites/25/2018/02/ndss2018\_03B-5\_Tang\_paper.pdf},
  timestamp = {Thu, 09 Aug 2018 10:57:16 +0200},
  biburl    = {https://dblp.org/rec/bib/conf/ndss/TangZZZ18},
  bibsource = {dblp computer science bibliography, https://dblp.org}
}