@MISC{NISTDigitalIdentityGuidelines,
title={NIST Special Publication 800-63-3 Digital Identity Guidelines},
author={P. A. Grassi, M. E. Garcia, and J. L. Fenton},
year={2017},
month={June}
}

@INPROCEEDINGS{SAMLFingerPrint, 
author={M. Y. Khodabacchus and K. M. S. Soyjaudah and G. Ramsawock}, 
booktitle={2017 1st International Conference on Next Generation Computing Applications (NextComp)}, 
title={Secured SAML cloud authentication using fingerprint}, 
year={2017}, 
volume={}, 
number={}, 
pages={151-156}, 
keywords={authorisation;cloud computing;fingerprint identification;public key cryptography;secured SAML cloud authentication;centralized certification method;single-sign-on;SAML SSO protocol;Security Assertion Markup Language;CVSS;common vulnerability scoring system;cancelable fingerprint;Authentication;Fingerprint recognition;XML;Cloud computing;fingerprint;biometrics;SAML;security;authentication},
doi={10.1109/NEXTCOMP.2017.8016191}, 
ISSN={}, 
month={July},}

@INPROCEEDINGS{SSOOverview, 
author={A. Sharma and S. Sharma and M. Dave}, 
booktitle={2015 International Conference on Green Computing and Internet of Things (ICGCIoT)}, 
title={Identity and access management- a comprehensive study}, 
year={2015}, 
volume={}, 
number={}, 
pages={1481-1485}, 
keywords={authorisation;trusted computing;access management;identity management;SAML2.0;OAuth;OpenID;Security Assertion Markup Language;user-centric digital identity;Open Authorization;federated identity;trust relationship;Cloud computing;Authorization;Servers;Authentication;Protocols;Organizations;Security as a Service;IAM;SAML;OpenID;OAuth}, 
doi={10.1109/ICGCIoT.2015.7380701}, 
ISSN={}, 
month={Oct},}

@INPROCEEDINGS{LivenessTestPupilTracking, 
author={M. Killioğlu and M. Taşkiran and N. Kahraman}, 
booktitle={2017 IEEE 15th International Symposium on Applied Machine Intelligence and Informatics (SAMI)}, 
title={Anti-spoofing in face recognition with liveness detection using pupil tracking}, 
year={2017}, 
volume={}, 
number={}, 
pages={000087-000092}, 
keywords={eye;face recognition;feature extraction;gaze tracking;image classification;microcontrollers;object detection;antispoofing;liveness detection;pupil tracking;facial recognition system spoofing;fake face movement;pupil direction observing system;basic hardware equipment;real time camera;Haar-cascade classifier;eye region detection;feature points;stable eye region;Kanade-Lucas-Tomasi algorithm;KLT;real time camera frame;Arduino;LED;compliance requirement;liveness information;Face recognition;Face;Classification algorithms;Light emitting diodes;Cameras;Real-time systems;Feature extraction;eye location;liveness detection;face recognition;spoof-attack algorithm}, 
doi={10.1109/SAMI.2017.7880281}, 
ISSN={}, 
month={Jan},}

@INPROCEEDINGS{LivenessTestBlinking, 
author={A. Asaduzzaman and A. Mummidi and M. F. Mridha and F. N. Sibai}, 
booktitle={2015 International Conference on Advances in Electrical Engineering (ICAEE)}, 
title={Improving facial recognition accuracy by applying liveness monitoring technique}, 
year={2015}, 
volume={}, 
number={}, 
pages={133-136}, 
keywords={cameras;computer network security;face recognition;Internet;stereo image processing;transport protocols;ultrasonic transducers;video signal processing;facial recognition accuracy;liveness monitoring technique;transmission control protocol;Internet protocol;TCP-IP suite;photograph;video clip;3D model spoofing;facial features;biometric systems;Web-camera;eye blinking password system;ultrasonic range sensing module;liveness detection;Face recognition;Cameras;Monitoring;Face;Lighting;Three-dimensional displays;Authentication;Eye blinking password;facial recognition;liveliness monitoring;security in biometric systems;video spoofing}, 
doi={10.1109/ICAEE.2015.7506814}, 
ISSN={}, 
month={Dec},}